@article{efimovTSK,
    author = {А. С. Ефимов},
    journal = {Вестник Нижегородского университета им. Н.И. Лобачевского},
    number = {2},
    pages = {297-301},
    title = {Об одном гибридном имунном алгоритме параметрической оптимизации нечётких систем TSK 0-порядка},
    volume = {1},
    year = {2010}
}
@book{neuralNetworks,
    author    = {Осовский С.},
    title     = {Нейронные сети для обработки информации},
    year      = {2002},
    publisher = {М.: Финансы и статистика},
    pages = {344}
}
@misc{irisDataset,
  title = {Iris data set},
  howpublished = {\url{http://archive.ics.uci.edu/ml/datasets/Iris}},
}
@misc{sources,
  title = {Исходный код},
  howpublished = {\url{https://github.com/sovrasov/fuzzy-ml}},
}
